%YAML 1.1
%TAG !u! tag:unity3d.com,2011:
--- !u!1001 &100100000
Prefab:
  m_ObjectHideFlags: 1
  serializedVersion: 2
  m_Modification:
    m_TransformParent: {fileID: 0}
    m_Modifications: []
    m_RemovedComponents: []
  m_SourcePrefab: {fileID: 0}
  m_RootGameObject: {fileID: 1097636821116202}
  m_IsPrefabAsset: 1
--- !u!1 &1097636821116202
GameObject:
  m_ObjectHideFlags: 0
  m_CorrespondingSourceObject: {fileID: 0}
  m_PrefabInternal: {fileID: 100100000}
  serializedVersion: 6
  m_Component:
  - component: {fileID: 4576698377769608}
  - component: {fileID: 33236673022057678}
  - component: {fileID: 23556652199371672}
  - component: {fileID: 64204710151673500}
  - component: {fileID: 54586712705406420}
  - component: {fileID: 114168344746948492}
  m_Layer: 0
  m_Name: TV
  m_TagString: TVTransformPoint
  m_Icon: {fileID: 0}
  m_NavMeshLayer: 0
  m_StaticEditorFlags: 0
  m_IsActive: 1
--- !u!4 &4576698377769608
Transform:
  m_ObjectHideFlags: 1
  m_CorrespondingSourceObject: {fileID: 0}
  m_PrefabInternal: {fileID: 100100000}
  m_GameObject: {fileID: 1097636821116202}
  m_LocalRotation: {x: 0.00000005961664, y: 0.9063078, z: -0.0000001278483, w: 0.42261824}
  m_LocalPosition: {x: -2.74, y: 1.4, z: 0.94}
  m_LocalScale: {x: 5, y: 5, z: 5}
  m_Children: []
  m_Father: {fileID: 0}
  m_RootOrder: 0
  m_LocalEulerAnglesHint: {x: 0, y: 0, z: 0}
--- !u!23 &23556652199371672
MeshRenderer:
  m_ObjectHideFlags: 1
  m_CorrespondingSourceObject: {fileID: 0}
  m_PrefabInternal: {fileID: 100100000}
  m_GameObject: {fileID: 1097636821116202}
  m_Enabled: 1
  m_CastShadows: 1
  m_ReceiveShadows: 1
  m_DynamicOccludee: 1
  m_MotionVectors: 1
  m_LightProbeUsage: 1
  m_ReflectionProbeUsage: 1
  m_RenderingLayerMask: 4294967295
  m_Materials:
  - {fileID: 2100000, guid: 866d82dd0a0280d4d9fc06aba1662441, type: 3}
  - {fileID: 2100002, guid: 866d82dd0a0280d4d9fc06aba1662441, type: 3}
  - {fileID: 2100004, guid: 866d82dd0a0280d4d9fc06aba1662441, type: 3}
  - {fileID: 2100006, guid: 866d82dd0a0280d4d9fc06aba1662441, type: 3}
  - {fileID: 2100008, guid: 866d82dd0a0280d4d9fc06aba1662441, type: 3}
  - {fileID: 2100010, guid: 866d82dd0a0280d4d9fc06aba1662441, type: 3}
  m_StaticBatchInfo:
    firstSubMesh: 0
    subMeshCount: 0
  m_StaticBatchRoot: {fileID: 0}
  m_ProbeAnchor: {fileID: 0}
  m_LightProbeVolumeOverride: {fileID: 0}
  m_ScaleInLightmap: 1
  m_PreserveUVs: 0
  m_IgnoreNormalsForChartDetection: 0
  m_ImportantGI: 0
  m_StitchLightmapSeams: 0
  m_SelectedEditorRenderState: 3
  m_MinimumChartSize: 4
  m_AutoUVMaxDistance: 0.5
  m_AutoUVMaxAngle: 89
  m_LightmapParameters: {fileID: 0}
  m_SortingLayerID: 0
  m_SortingLayer: 0
  m_SortingOrder: 0
--- !u!33 &33236673022057678
MeshFilter:
  m_ObjectHideFlags: 1
  m_CorrespondingSourceObject: {fileID: 0}
  m_PrefabInternal: {fileID: 100100000}
  m_GameObject: {fileID: 1097636821116202}
  m_Mesh: {fileID: 4300000, guid: 866d82dd0a0280d4d9fc06aba1662441, type: 3}
--- !u!54 &54586712705406420
Rigidbody:
  m_ObjectHideFlags: 1
  m_CorrespondingSourceObject: {fileID: 0}
  m_PrefabInternal: {fileID: 100100000}
  m_GameObject: {fileID: 1097636821116202}
  serializedVersion: 2
  m_Mass: 1
  m_Drag: 0
  m_AngularDrag: 0.05
  m_UseGravity: 1
  m_IsKinematic: 0
  m_Interpolate: 0
  m_Constraints: 0
  m_CollisionDetection: 1
--- !u!64 &64204710151673500
MeshCollider:
  m_ObjectHideFlags: 1
  m_CorrespondingSourceObject: {fileID: 0}
  m_PrefabInternal: {fileID: 100100000}
  m_GameObject: {fileID: 1097636821116202}
  m_Material: {fileID: 0}
  m_IsTrigger: 0
  m_Enabled: 1
  serializedVersion: 3
  m_Convex: 1
  m_CookingOptions: 14
  m_SkinWidth: 0.01
  m_Mesh: {fileID: 4300000, guid: 866d82dd0a0280d4d9fc06aba1662441, type: 3}
--- !u!114 &114168344746948492
MonoBehaviour:
  m_ObjectHideFlags: 1
  m_CorrespondingSourceObject: {fileID: 0}
  m_PrefabInternal: {fileID: 100100000}
  m_GameObject: {fileID: 1097636821116202}
  m_Enabled: 1
  m_EditorHideFlags: 0
  m_Script: {fileID: 11500000, guid: 29327145eaa756f42a8711666302598f, type: 3}
  m_Name: 
  m_EditorClassIdentifier: 
  distance: 13.36
  objectActive: 0
  inPoint: 0
  drop: 0
  startPosition: {x: 0, y: 0, z: 0}
  m_LayerMask:
    serializedVersion: 2
    m_Bits: 1024
  overlapRadius: 0.03
